%% This BibTeX bibliography file was created using BibDesk.
%% http://bibdesk.sourceforge.net/

%% Created for sundaymouse at 2018-03-05 01:53:58 +0000 


%% Saved with string encoding Unicode (UTF-8) 



@url{ianbeer,
	Author = {Ian Beer},
	Date-Added = {2018-03-05 01:52:13 +0000},
	Date-Modified = {2018-03-05 01:52:13 +0000},
	Lastchecked = {Feb 22, 2018},
	Month = {October},
	Title = {{XNU kernel UaF due to lack of locking in set\_dp\_control\_port}},
	Url = {https://bugs.chromium.org/p/project-zero/issues/detail?id=965},
	Urldate = {Oct 13, 2016},
	Year = {2016},
	Bdsk-Url-1 = {https://bugs.chromium.org/p/project-zero/issues/detail?id=965}}

@inproceedings{zhou2006safedrive,
	Author = {Zhou, Feng and Condit, Jeremy and Anderson, Zachary and Bagrak, Ilya and Ennals, Rob and Harren, Matthew and Necula, George and Brewer, Eric},
	Booktitle = {Proceedings of the 7th symposium on Operating systems design and implementation},
	Date-Added = {2018-03-05 01:43:25 +0000},
	Date-Modified = {2018-03-05 01:43:25 +0000},
	Organization = {USENIX Association},
	Pages = {45--60},
	Title = {SafeDrive: Safe and recoverable extensions using language-based techniques},
	Year = {2006}}

@inproceedings{swift2003improving,
	Author = {Swift, Michael M and Bershad, Brian N and Levy, Henry M},
	Booktitle = {ACM SIGOPS Operating Systems Review},
	Date-Added = {2018-03-05 01:41:57 +0000},
	Date-Modified = {2018-03-05 01:41:57 +0000},
	Number = {5},
	Organization = {ACM},
	Pages = {207--222},
	Title = {Improving the reliability of commodity operating systems},
	Volume = {37},
	Year = {2003}}

@inproceedings{wahbe1994efficient,
	Author = {Wahbe, Robert and Lucco, Steven and Anderson, Thomas E and Graham, Susan L},
	Booktitle = {ACM SIGOPS Operating Systems Review},
	Date-Added = {2018-03-05 01:12:30 +0000},
	Date-Modified = {2018-03-05 01:12:30 +0000},
	Number = {5},
	Organization = {ACM},
	Pages = {203--216},
	Title = {Efficient software-based fault isolation},
	Volume = {27},
	Year = {1994}}

@inproceedings{necula2002ccured,
	Author = {Necula, George C and McPeak, Scott and Weimer, Westley},
	Booktitle = {ACM SIGPLAN Notices},
	Date-Added = {2018-03-05 01:10:08 +0000},
	Date-Modified = {2018-03-05 01:10:08 +0000},
	Number = {1},
	Organization = {ACM},
	Pages = {128--139},
	Title = {CCured: Type-safe retrofitting of legacy code},
	Volume = {37},
	Year = {2002}}

@inproceedings{ganapathy2008design,
	Author = {Ganapathy, Vinod and Renzelmann, Matthew J and Balakrishnan, Arini and Swift, Michael M and Jha, Somesh},
	Booktitle = {ACM SIGARCH Computer Architecture News},
	Date-Added = {2018-03-05 01:09:48 +0000},
	Date-Modified = {2018-03-05 01:09:48 +0000},
	Number = {1},
	Organization = {ACM},
	Pages = {168--178},
	Title = {The design and implementation of microdrivers},
	Volume = {36},
	Year = {2008}}

@book{forin1991system,
	Author = {Forin, Alessandro and Golub, David and Bershad, Brian N},
	Date-Added = {2018-03-05 01:08:19 +0000},
	Date-Modified = {2018-03-05 01:08:19 +0000},
	Publisher = {Carnegie-Mellon University. Department of Computer Science},
	Title = {An I/O system for Mach 3.0},
	Year = {1991}}

@inproceedings{erlingsson2006xfi,
	Author = {Erlingsson, Ulfar and Abadi, Mart{\'\i}n and Vrable, Michael and Budiu, Mihai and Necula, George C},
	Booktitle = {Proceedings of the 7th symposium on Operating systems design and implementation},
	Date-Added = {2018-03-05 01:07:43 +0000},
	Date-Modified = {2018-03-05 01:07:43 +0000},
	Organization = {USENIX Association},
	Pages = {75--88},
	Title = {XFI: Software guards for system address spaces},
	Year = {2006}}

@inproceedings{castro2009fast,
	Author = {Castro, Miguel and Costa, Manuel and Martin, Jean-Philippe and Peinado, Marcus and Akritidis, Periklis and Donnelly, Austin and Barham, Paul and Black, Richard},
	Booktitle = {Proceedings of the ACM SIGOPS 22nd symposium on Operating systems principles},
	Date-Added = {2018-03-05 00:15:17 +0000},
	Date-Modified = {2018-03-05 00:15:17 +0000},
	Organization = {ACM},
	Pages = {45--58},
	Title = {Fast byte-granularity software fault isolation},
	Year = {2009}}
