%% This BibTeX bibliography file was created using BibDesk.
%% http://bibdesk.sourceforge.net/

%% Created for sundaymouse at 2018-02-24 22:15:47 +0000 


%% Saved with string encoding Unicode (UTF-8) 



@inproceedings{blanton2013data,
	Author = {Blanton, Marina and Steele, Aaron and Alisagari, Mehrdad},
	Booktitle = {Proceedings of the 8th ACM SIGSAC symposium on Information, computer and communications security},
	Date-Added = {2018-02-24 22:15:45 +0000},
	Date-Modified = {2018-02-24 22:15:45 +0000},
	Organization = {ACM},
	Pages = {207--218},
	Title = {Data-oblivious graph algorithms for secure computation and outsourcing},
	Year = {2013}}

@inproceedings{hunt2016ryoan,
	Author = {Hunt, Tyler and Zhu, Zhiting and Xu, Yuanzhong and Peter, Simon and Witchel, Emmett},
	Booktitle = {OSDI},
	Date-Added = {2018-02-24 21:41:03 +0000},
	Date-Modified = {2018-02-24 21:41:03 +0000},
	Pages = {533--549},
	Title = {Ryoan: A Distributed Sandbox for Untrusted Computation on Secret Data.},
	Year = {2016}}

@article{liu2015ghostrider,
	Author = {Liu, Chang and Harris, Austin and Maas, Martin and Hicks, Michael and Tiwari, Mohit and Shi, Elaine},
	Date-Added = {2018-02-24 21:40:49 +0000},
	Date-Modified = {2018-02-24 21:40:49 +0000},
	Journal = {ACM SIGPLAN Notices},
	Number = {4},
	Pages = {87--101},
	Publisher = {ACM},
	Title = {Ghostrider: A hardware-software system for memory trace oblivious computation},
	Volume = {50},
	Year = {2015}}
