%% This BibTeX bibliography file was created using BibDesk.
%% http://bibdesk.sourceforge.net/

%% Created for sundaymouse at 2018-01-21 20:17:56 +0000 


%% Saved with string encoding Unicode (UTF-8) 



@url{ocamlmemoryleak,
	Author = {{\c C}agdas Bozman},
	Date-Added = {2018-01-21 20:14:17 +0000},
	Date-Modified = {2018-01-21 20:14:59 +0000},
	Lastchecked = {Jan 21, 2018},
	Month = {April},
	Title = {Yes, ocp-memprof (s)can(f)!},
	Url = {https://www.ocamlpro.com/2015/04/13/yes-ocp-memprof-scanf/},
	Urldate = {April 13, 2015},
	Year = {2015}}

@inproceedings{bershad1995extensibility,
	Author = {Bershad, Brian N and Savage, Stefan and Pardyak, Przemyslaw and Sirer, Emin G{\"u}n and Fiuczynski, Marc E and Becker, David and Chambers, Craig and Eggers, Susan},
	Booktitle = {ACM SIGOPS Operating Systems Review},
	Date-Added = {2018-01-21 19:39:11 +0000},
	Date-Modified = {2018-01-21 19:39:11 +0000},
	Number = {5},
	Organization = {ACM},
	Pages = {267--283},
	Title = {Extensibility safety and performance in the SPIN operating system},
	Volume = {29},
	Year = {1995}}

@article{leslie1996design,
	Author = {Leslie, Ian M. and McAuley, Derek and Black, Richard and Roscoe, Timothy and Barham, Paul and Evers, David and Fairbairns, Robin and Hyden, Eoin},
	Date-Added = {2018-01-21 19:34:24 +0000},
	Date-Modified = {2018-01-21 19:34:24 +0000},
	Journal = {IEEE journal on selected areas in communications},
	Number = {7},
	Pages = {1280--1297},
	Publisher = {IEEE},
	Title = {The design and implementation of an operating system to support distributed multimedia applications},
	Volume = {14},
	Year = {1996}}

@book{engler1995exokernel,
	Author = {Engler, Dawson R and Kaashoek, M Frans and others},
	Date-Added = {2018-01-21 19:33:50 +0000},
	Date-Modified = {2018-01-21 19:33:50 +0000},
	Number = {5},
	Publisher = {ACM},
	Title = {Exokernel: An operating system architecture for application-level resource management},
	Volume = {29},
	Year = {1995}}

@inproceedings{ammons2007libra,
	Author = {Ammons, Glenn and Appavoo, Jonathan and Butrico, Maria and Da Silva, Dilma and Grove, David and Kawachiya, Kiyokuni and Krieger, Orran and Rosenburg, Bryan and Van Hensbergen, Eric and Wisniewski, Robert W},
	Booktitle = {VEE},
	Date-Added = {2018-01-21 19:30:41 +0000},
	Date-Modified = {2018-01-21 19:30:41 +0000},
	Pages = {44--54},
	Title = {Libra: a library operating system for a jvm in a virtualized execution environment},
	Volume = {7},
	Year = {2007}}

@article{hunt2007singularity,
	Author = {Hunt, Galen C and Larus, James R},
	Date-Added = {2018-01-21 19:30:16 +0000},
	Date-Modified = {2018-01-21 19:30:16 +0000},
	Journal = {ACM SIGOPS Operating Systems Review},
	Number = {2},
	Pages = {37--49},
	Publisher = {ACM},
	Title = {Singularity: rethinking the software stack},
	Volume = {41},
	Year = {2007}}

@inproceedings{porter2011rethinking,
	Author = {Porter, Donald E and Boyd-Wickizer, Silas and Howell, Jon and Olinsky, Reuben and Hunt, Galen C},
	Booktitle = {ACM SIGPLAN Notices},
	Date-Added = {2018-01-21 19:29:29 +0000},
	Date-Modified = {2018-01-21 19:29:29 +0000},
	Number = {3},
	Organization = {ACM},
	Pages = {291--304},
	Title = {Rethinking the library OS from the top down},
	Volume = {46},
	Year = {2011}}

@article{prokhorenko2016web,
	Author = {Prokhorenko, Victor and Choo, Kim-Kwang Raymond and Ashman, Helen},
	Date-Added = {2018-01-21 19:18:35 +0000},
	Date-Modified = {2018-01-21 19:18:35 +0000},
	Journal = {Journal of Network and Computer Applications},
	Pages = {95--112},
	Publisher = {Elsevier},
	Title = {Web application protection techniques: A taxonomy},
	Volume = {60},
	Year = {2016}}

@url{8700k,
	Author = {Intel Corporation},
	Date-Added = {2018-01-21 16:06:52 +0000},
	Date-Modified = {2018-01-21 16:08:44 +0000},
	Lastchecked = {January 21, 2018},
	Month = {December},
	Title = {{Intel{\textregistered} Core{\texttrademark} i7-8700K Processor}},
	Url = {https://ark.intel.com/products/126684/Intel-Core-i7-8700K-Processor-12M-Cache-up-to-4_70-GHz},
	Year = {2017}}

@inproceedings{madhavapeddy2013unikernels,
	Author = {Madhavapeddy, Anil and Mortier, Richard and Rotsos, Charalampos and Scott, David and Singh, Balraj and Gazagnaire, Thomas and Smith, Steven and Hand, Steven and Crowcroft, Jon},
	Booktitle = {ACM SIGPLAN Notices},
	Date-Added = {2018-01-21 14:53:36 +0000},
	Date-Modified = {2018-01-21 14:53:36 +0000},
	Number = {4},
	Organization = {ACM},
	Pages = {461--472},
	Title = {Unikernels: Library operating systems for the cloud},
	Volume = {48},
	Year = {2013}}

@article{peter2016arrakis,
	Author = {Peter, Simon and Li, Jialin and Zhang, Irene and Ports, Dan RK and Woos, Doug and Krishnamurthy, Arvind and Anderson, Thomas and Roscoe, Timothy},
	Date-Added = {2018-01-21 14:51:11 +0000},
	Date-Modified = {2018-01-21 14:51:11 +0000},
	Journal = {ACM Transactions on Computer Systems (TOCS)},
	Number = {4},
	Pages = {11},
	Publisher = {ACM},
	Title = {Arrakis: The operating system is the control plane},
	Volume = {33},
	Year = {2016}}

@article{kocher2018spectre,
	Author = {Kocher, Paul and Genkin, Daniel and Gruss, Daniel and Haas, Werner and Hamburg, Mike and Lipp, Moritz and Mangard, Stefan and Prescher, Thomas and Schwarz, Michael and Yarom, Yuval},
	Date-Added = {2018-01-21 14:36:51 +0000},
	Date-Modified = {2018-01-21 14:36:51 +0000},
	Journal = {arXiv preprint arXiv:1801.01203},
	Title = {Spectre Attacks: Exploiting Speculative Execution},
	Year = {2018}}

@article{wentzlaff2009factored,
	Author = {Wentzlaff, David and Agarwal, Anant},
	Date-Added = {2018-01-21 13:30:07 +0000},
	Date-Modified = {2018-01-21 13:30:07 +0000},
	Journal = {ACM SIGOPS Operating Systems Review},
	Number = {2},
	Pages = {76--85},
	Publisher = {ACM},
	Title = {Factored operating systems (fos): the case for a scalable operating system for multicores},
	Volume = {43},
	Year = {2009}}

@misc{shelepov2008scheduling,
	Author = {Shelepov, Daniel and Fedorova, Alexandra},
	Date-Added = {2018-01-21 13:29:22 +0000},
	Date-Modified = {2018-01-21 13:29:22 +0000},
	Publisher = {WIOSCA},
	Title = {Scheduling on heterogeneous multicore processors using architectural signatures},
	Year = {2008}}

@article{tanenbaum1985distributed,
	Author = {Tanenbaum, Andrew S and Van Renesse, Robbert},
	Date-Added = {2018-01-21 13:26:54 +0000},
	Date-Modified = {2018-01-21 13:26:54 +0000},
	Journal = {ACM Computing Surveys (CSUR)},
	Number = {4},
	Pages = {419--470},
	Publisher = {ACM},
	Title = {Distributed operating systems},
	Volume = {17},
	Year = {1985}}

@inproceedings{gamsa1999tornado,
	Author = {Gamsa, Benjamin and Krieger, Orran and Appavoo, Jonathan and Stumm, Michael},
	Booktitle = {OSDI},
	Date-Added = {2018-01-21 13:26:10 +0000},
	Date-Modified = {2018-01-21 13:26:10 +0000},
	Pages = {87--100},
	Title = {Tornado: Maximizing locality and concurrency in a shared memory multiprocessor operating system},
	Volume = {99},
	Year = {1999}}

@book{liedtke1995micro,
	Author = {Liedtke, Jochen},
	Date-Added = {2018-01-21 13:25:10 +0000},
	Date-Modified = {2018-01-21 13:25:10 +0000},
	Number = {5},
	Publisher = {ACM},
	Title = {On micro-kernel construction},
	Volume = {29},
	Year = {1995}}

@article{lauer1979duality,
	Author = {Lauer, Hugh C and Needham, Roger M},
	Date-Added = {2018-01-21 13:21:31 +0000},
	Date-Modified = {2018-01-21 13:21:31 +0000},
	Journal = {ACM SIGOPS Operating Systems Review},
	Number = {2},
	Pages = {3--19},
	Publisher = {ACM},
	Title = {On the duality of operating system structures},
	Volume = {13},
	Year = {1979}}

@article{chaves1993kernel,
	Author = {Chaves, Eliseu M and Das, Prakash Ch and LeBlanc, Thomas J and Marsh, Brian D and Scott, Michael L},
	Date-Added = {2018-01-21 13:20:46 +0000},
	Date-Modified = {2018-01-21 13:20:46 +0000},
	Journal = {Concurrency and Computation: Practice and Experience},
	Number = {3},
	Pages = {171--191},
	Publisher = {Wiley Online Library},
	Title = {Kernel-Kernel communication in a shared-memory multiprocessor},
	Volume = {5},
	Year = {1993}}

@inproceedings{baumann2009multikernel,
	Author = {Baumann, Andrew and Barham, Paul and Dagand, Pierre-Evariste and Harris, Tim and Isaacs, Rebecca and Peter, Simon and Roscoe, Timothy and Sch{\"u}pbach, Adrian and Singhania, Akhilesh},
	Booktitle = {Proceedings of the ACM SIGOPS 22nd symposium on Operating systems principles},
	Date-Added = {2018-01-20 17:34:41 +0000},
	Date-Modified = {2018-01-20 17:34:41 +0000},
	Organization = {ACM},
	Pages = {29--44},
	Title = {The multikernel: a new OS architecture for scalable multicore systems},
	Year = {2009}}
