%% This BibTeX bibliography file was created using BibDesk.
%% http://bibdesk.sourceforge.net/

%% Created for sundaymouse at 2018-01-28 20:29:52 +0000 


%% Saved with string encoding Unicode (UTF-8) 



@article{graziano2011performance,
	Author = {Graziano, Charles David},
	Date-Added = {2018-01-28 20:29:50 +0000},
	Date-Modified = {2018-01-28 20:29:50 +0000},
	Publisher = {Digital Repository@ Iowa State University},
	Title = {A performance analysis of Xen and KVM hypervisors for hosting the Xen Worlds Project},
	Year = {2011}}

@article{uhlig2005intel,
	Author = {Uhlig, Rich and Neiger, Gil and Rodgers, Dion and Santoni, Amy L and Martins, Fernando CM and Anderson, Andrew V and Bennett, Steven M and Kagi, Alain and Leung, Felix H and Smith, Larry},
	Date-Added = {2018-01-28 20:25:05 +0000},
	Date-Modified = {2018-01-28 20:25:05 +0000},
	Journal = {Computer},
	Number = {5},
	Pages = {48--56},
	Publisher = {IEEE},
	Title = {Intel virtualization technology},
	Volume = {38},
	Year = {2005}}

@inproceedings{kivity2007kvm,
	Author = {Kivity, Avi and Kamay, Yaniv and Laor, Dor and Lublin, Uri and Liguori, Anthony},
	Booktitle = {Proceedings of the Linux symposium},
	Date-Added = {2018-01-28 20:18:44 +0000},
	Date-Modified = {2018-01-28 20:18:44 +0000},
	Pages = {225--230},
	Title = {kvm: the Linux virtual machine monitor},
	Volume = {1},
	Year = {2007}}

@inproceedings{madhavapeddy2013unikernels,
	Author = {Madhavapeddy, Anil and Mortier, Richard and Rotsos, Charalampos and Scott, David and Singh, Balraj and Gazagnaire, Thomas and Smith, Steven and Hand, Steven and Crowcroft, Jon},
	Booktitle = {ACM SIGPLAN Notices},
	Date-Added = {2018-01-28 20:13:02 +0000},
	Date-Modified = {2018-01-28 20:13:02 +0000},
	Number = {4},
	Organization = {ACM},
	Pages = {461--472},
	Title = {Unikernels: Library operating systems for the cloud},
	Volume = {48},
	Year = {2013}}

@article{peterson2003blueprint,
	Author = {Peterson, Larry and Anderson, Tom and Culler, David and Roscoe, Timothy},
	Date-Added = {2018-01-28 19:38:35 +0000},
	Date-Modified = {2018-01-28 19:38:35 +0000},
	Journal = {ACM SIGCOMM Computer Communication Review},
	Number = {1},
	Pages = {59--64},
	Publisher = {ACM},
	Title = {A blueprint for introducing disruptive technology into the Internet},
	Volume = {33},
	Year = {2003}}

@article{whitaker2002scale,
	Author = {Whitaker, Andrew and Shaw, Marianne and Gribble, Steven D},
	Date-Added = {2018-01-28 19:34:55 +0000},
	Date-Modified = {2018-01-28 19:34:55 +0000},
	Journal = {ACM SIGOPS Operating Systems Review},
	Number = {SI},
	Pages = {195--209},
	Publisher = {ACM},
	Title = {Scale and performance in the Denali isolation kernel},
	Volume = {36},
	Year = {2002}}

@misc{devine2002virtualization,
	Author = {Devine, Scott W and Bugnion, Edouard and Rosenblum, Mendel},
	Date-Added = {2018-01-28 19:31:32 +0000},
	Date-Modified = {2018-01-28 19:31:43 +0000},
	Month = May,
	Note = {US Patent 6,397,242},
	Publisher = {Google Patents},
	Title = {Virtualization system including a virtual machine monitor for a computer with a segmented architecture},
	Year = {2002}}

@misc{goud2010method,
	Author = {Goud, Gundrala D and Zimmer, Vincent J and Rothman, Michael A},
	Date-Added = {2018-01-28 19:31:10 +0000},
	Date-Modified = {2018-01-28 19:31:10 +0000},
	Month = apr # {~6},
	Note = {US Patent 7,694,298},
	Publisher = {Google Patents},
	Title = {Method and apparatus for providing virtual server blades},
	Year = {2010}}

@incollection{xing2012virtualization,
	Author = {Xing, Yuping and Zhan, Yongzhao},
	Booktitle = {Future Wireless Networks and Information Systems},
	Date-Added = {2018-01-28 19:29:42 +0000},
	Date-Modified = {2018-01-28 19:29:42 +0000},
	Pages = {305--312},
	Publisher = {Springer},
	Title = {Virtualization and cloud computing},
	Year = {2012}}

@inproceedings{barham2003xen,
	Author = {Barham, Paul and Dragovic, Boris and Fraser, Keir and Hand, Steven and Harris, Tim and Ho, Alex and Neugebauer, Rolf and Pratt, Ian and Warfield, Andrew},
	Booktitle = {ACM SIGOPS operating systems review},
	Date-Added = {2018-01-28 18:34:15 +0000},
	Date-Modified = {2018-01-28 18:34:15 +0000},
	Number = {5},
	Organization = {ACM},
	Pages = {164--177},
	Title = {Xen and the art of virtualization},
	Volume = {37},
	Year = {2003}}
