%% This BibTeX bibliography file was created using BibDesk.
%% http://bibdesk.sourceforge.net/

%% Created for sundaymouse at 2018-02-13 17:19:22 +0000 


%% Saved with string encoding Unicode (UTF-8) 



@inproceedings{madhavapeddy2013unikernels,
	Author = {Madhavapeddy, Anil and Mortier, Richard and Rotsos, Charalampos and Scott, David and Singh, Balraj and Gazagnaire, Thomas and Smith, Steven and Hand, Steven and Crowcroft, Jon},
	Booktitle = {Acm Sigplan Notices},
	Date-Added = {2018-02-13 17:19:17 +0000},
	Date-Modified = {2018-02-13 17:19:17 +0000},
	Number = {4},
	Organization = {ACM},
	Pages = {461--472},
	Title = {Unikernels: Library operating systems for the cloud},
	Volume = {48},
	Year = {2013}}

@inproceedings{boutin2014apollo,
	Author = {Boutin, Eric and Ekanayake, Jaliya and Lin, Wei and Shi, Bing and Zhou, Jingren and Qian, Zhengping and Wu, Ming and Zhou, Lidong},
	Booktitle = {OSDI},
	Date-Added = {2018-02-13 17:03:09 +0000},
	Date-Modified = {2018-02-13 17:03:09 +0000},
	Pages = {285--300},
	Title = {Apollo: Scalable and Coordinated Scheduling for Cloud-Scale Computing.},
	Volume = {14},
	Year = {2014}}

@inproceedings{schwarzkopf2013omega,
	Author = {Schwarzkopf, Malte and Konwinski, Andy and Abd-El-Malek, Michael and Wilkes, John},
	Booktitle = {Proceedings of the 8th ACM European Conference on Computer Systems},
	Date-Added = {2018-02-13 17:00:42 +0000},
	Date-Modified = {2018-02-13 17:00:42 +0000},
	Organization = {ACM},
	Pages = {351--364},
	Title = {Omega: flexible, scalable schedulers for large compute clusters},
	Year = {2013}}

@inproceedings{burrows2006chubby,
	Author = {Burrows, Mike},
	Booktitle = {Proceedings of the 7th symposium on Operating systems design and implementation},
	Date-Added = {2018-02-13 16:59:23 +0000},
	Date-Modified = {2018-02-13 16:59:23 +0000},
	Organization = {USENIX Association},
	Pages = {335--350},
	Title = {The Chubby lock service for loosely-coupled distributed systems},
	Year = {2006}}

@inproceedings{vavilapalli2013apache,
	Author = {Vavilapalli, Vinod Kumar and Murthy, Arun C and Douglas, Chris and Agarwal, Sharad and Konar, Mahadev and Evans, Robert and Graves, Thomas and Lowe, Jason and Shah, Hitesh and Seth, Siddharth and others},
	Booktitle = {Proceedings of the 4th annual Symposium on Cloud Computing},
	Date-Added = {2018-02-13 16:58:37 +0000},
	Date-Modified = {2018-02-13 16:58:37 +0000},
	Organization = {ACM},
	Pages = {5},
	Title = {Apache hadoop yarn: Yet another resource negotiator},
	Year = {2013}}

@inproceedings{hindman2011mesos,
	Author = {Hindman, Benjamin and Konwinski, Andy and Zaharia, Matei and Ghodsi, Ali and Joseph, Anthony D and Katz, Randy H and Shenker, Scott and Stoica, Ion},
	Booktitle = {NSDI},
	Date-Added = {2018-02-13 16:58:05 +0000},
	Date-Modified = {2018-02-13 16:58:05 +0000},
	Number = {2011},
	Pages = {22--22},
	Title = {Mesos: A Platform for Fine-Grained Resource Sharing in the Data Center.},
	Volume = {11},
	Year = {2011}}

@inproceedings{verma2015large,
	Author = {Verma, Abhishek and Pedrosa, Luis and Korupolu, Madhukar and Oppenheimer, David and Tune, Eric and Wilkes, John},
	Booktitle = {Proceedings of the Tenth European Conference on Computer Systems},
	Date-Added = {2018-02-13 14:43:41 +0000},
	Date-Modified = {2018-02-13 14:43:41 +0000},
	Organization = {ACM},
	Pages = {18},
	Title = {Large-scale cluster management at Google with Borg},
	Year = {2015}}
