%% This BibTeX bibliography file was created using BibDesk.
%% http://bibdesk.sourceforge.net/

%% Created for sundaymouse at 2018-02-19 04:22:20 +0000 


%% Saved with string encoding Unicode (UTF-8) 



@inproceedings{burrows2006chubby,
	Author = {Burrows, Mike},
	Booktitle = {Proceedings of the 7th symposium on Operating systems design and implementation},
	Date-Added = {2018-02-19 04:22:19 +0000},
	Date-Modified = {2018-02-19 04:22:19 +0000},
	Organization = {USENIX Association},
	Pages = {335--350},
	Title = {The Chubby lock service for loosely-coupled distributed systems},
	Year = {2006}}

@inproceedings{hunt2010zookeeper,
	Author = {Hunt, Patrick and Konar, Mahadev and Junqueira, Flavio Paiva and Reed, Benjamin},
	Booktitle = {USENIX annual technical conference},
	Date-Added = {2018-02-19 04:22:04 +0000},
	Date-Modified = {2018-02-19 04:22:04 +0000},
	Number = {9},
	Organization = {Boston, MA, USA},
	Title = {ZooKeeper: Wait-free Coordination for Internet-scale Systems.},
	Volume = {8},
	Year = {2010}}

@article{baratloo1999charlotte,
	Author = {Baratloo, Arash and Karaul, Mehmet and Kedem, Zvi M and Wijckoff, Peter},
	Date-Added = {2018-02-19 03:47:46 +0000},
	Date-Modified = {2018-02-19 03:47:46 +0000},
	Journal = {Future Generation Computer Systems},
	Number = {5-6},
	Pages = {559--570},
	Publisher = {Elsevier},
	Title = {Charlotte: Metacomputing on the web},
	Volume = {15},
	Year = {1999}}

@article{valiant1990bridging,
	Author = {Valiant, Leslie G},
	Date-Added = {2018-02-19 03:45:10 +0000},
	Date-Modified = {2018-02-19 03:45:10 +0000},
	Journal = {Communications of the ACM},
	Number = {8},
	Pages = {103--111},
	Publisher = {ACM},
	Title = {A bridging model for parallel computation},
	Volume = {33},
	Year = {1990}}

@inproceedings{gorlatch1996systematic,
	Author = {Gorlatch, Sergei},
	Booktitle = {European Conference on Parallel Processing},
	Date-Added = {2018-02-19 03:43:52 +0000},
	Date-Modified = {2018-02-19 03:43:52 +0000},
	Organization = {Springer},
	Pages = {401--408},
	Title = {Systematic efficient parallelization of scan and other list homomorphisms},
	Year = {1996}}

@inproceedings{verma2015large,
	Author = {Verma, Abhishek and Pedrosa, Luis and Korupolu, Madhukar and Oppenheimer, David and Tune, Eric and Wilkes, John},
	Booktitle = {Proceedings of the Tenth European Conference on Computer Systems},
	Date-Added = {2018-02-19 03:34:50 +0000},
	Date-Modified = {2018-02-19 03:34:50 +0000},
	Organization = {ACM},
	Pages = {18},
	Title = {Large-scale cluster management at Google with Borg},
	Year = {2015}}

@article{dean2008mapreduce,
	Author = {Dean, Jeffrey and Ghemawat, Sanjay},
	Date-Added = {2018-02-19 02:31:14 +0000},
	Date-Modified = {2018-02-19 02:31:14 +0000},
	Journal = {Communications of the ACM},
	Number = {1},
	Pages = {107--113},
	Publisher = {ACM},
	Title = {MapReduce: simplified data processing on large clusters},
	Volume = {51},
	Year = {2008}}
